@book{nystrom2014game,
  title={Game programming patterns},
  author={Nystrom, Robert},
  year={2014},
  publisher={Genever Benning}
}

@misc{Caini_2019,
  title={ECS back and forth}, 
  url={https://skypjack.github.io/2019-02-14-ecs-baf-part-1/}, 
  journal={skypjack on software}, 
  author={Caini, Michele}, 
  year={2019},
  month={Feb}
} 

@misc{CSharpECSComparison,
  url={https://github.com/Chillu1/CSharpECSComparison}
}

@misc{EcsCsharpBenchmark,
  url={https://github.com/Doraku/Ecs.CSharp.Benchmark}
}

@misc{Unity,
  url={https://unity.com/}
}

@misc{MonoGame,
  url={https://monogame.net/}
}

@misc{Bevy,
  url={https://bevyengine.org/}
}








@book{knuth1979tex,
  title={TEX and METAFONT: New directions in typesetting},
  author={Knuth, Donald Ervin},
  year={1979},
  publisher={American Mathematical Society}
}

@book{lamport1994latex,
  title={LATEX: a document preparation system: user's guide and reference manual},
  author={Lamport, Leslie},
  year={1994},
  publisher={Addison-Wesley}
}

@book{glasman2010science,
  title={Science research writing for non-native speakers of English},
  author={Glasman-Deal, Hilary},
  year={2010},
  publisher={World Scientific}
}

@book{sparling1989english,
  title={English or Czenglish? Jak se vyhnout čechismům v angličtině},
  author={Sparling, Don},
  year={1989},
  publisher={Státní pedagogické nakladatelství}
}

@book{tufte1990envisioning,
  title={Envisioning information},
  author={Tufte, Edward R and Goeler, Nora Hillman and Benson, Richard},
  year={1990},
  publisher={Graphics press Cheshire, CT}
}

@book{tufte1983visual,
  title={Visual display of quantitative information},
  author={Tufte, Edward R},
  year={1983},
  publisher={Graphics press Cheshire, CT}
}

@book{wilke2019fundamentals,
  title={Fundamentals of Data Visualization},
  author={Wilke, Claus O},
  year={2019},
  publisher={O'Reilly Media, Inc.},
  url={https://clauswilke.com/dataviz/},
  isbn={9781492031086}
}

@techreport{tantau2015tikz,
  title={The TikZ and PGF Packages (Manual for version 3.1.8b)},
  author={Tantau, Till},
  year={2020},
  institution={Institut f{\"u}r Theoretische Informatik Universit{\"a}t zu L{\"u}beck},
  url={http://mirrors.ctan.org/graphics/pgf/base/doc/pgfmanual.pdf}
}
